@misc{autosar2022,
  title        = {AUTOSAR Layered Software Architecture},
  author       = {AUTOSAR},
  year         = 2022,
  month        = nov,
  url          = {https://www.autosar.org/fileadmin/standards/R22-11/CP/AUTOSAR_EXP_LayeredSoftwareArchitecture.pdf},
  note         = {Accessed: 2024-05-23}
}


@misc{smartse2020,
  title        = {Smart Systems Engineering: Requirements for the Standardization of Virtual Electronic Control Units (V-ECUs)},
  author       = {{ProSTEP iViP}},
  year         = 2020,
  month        = may,
  url          = {https://www.ps-ent-2023.de/fileadmin/prod-download/WhitePaper_V-ECU_2020_05_04-EN.pdf}
}

@misc{vector_vvirtualtarget,
  title        = {vVIRTUALtarget},
  author       = {{Vector Informatik GmbH}},
  year         = 2024,
  url          = {https://www.vector.com/int/en/products/products-a-z/software/vvirtualtarget/},
}


@misc{wenzler2023,
  author       = {Nils Wenzler},
  title        = {Vector SIL kit},
  year         = 2023,
  month        = may,
  url          = {https://cdn.vector.com/cms/content/events/2023/vTES23/06_Slides_Nils_WENZLER_Vector_Testing_Symposium_2023_EN.pdf},
  note         = {Accessed: 2024-05-23}
}

@techreport{synopsys2023software,
  title        = {Accelerating Development of Software Defined Vehicles with Virtual ECU},
  author       = {{Synopsys}},
  year         = {2023},
  institution  = {Synopsys, Inc.},
  type         = {White Paper},
  url          = {https://www.synopsys.com/content/dam/synopsys/verification/white-papers/virtual-ecu-wp.pdf},
}

@techreport{vectorBootloader,
  title        = {SN-IES-1-016 Interface Application Bootloader},
  author       = {Marco Riedl, Andreas Dollinger, and Mustafa Mohammed},
  year         = {2022},
  institution  = {{Vector Informatik GmbH}},
  url          = {https://support.vector.com/kb?sys_kb_id=0ce842d7872a95d0b9f233770cbb3520&id=kb_article_view&sysparm_rank=1&sysparm_tsqueryId=1a93b6ae1b0c9610afd085d2604bcb44},
}

@misc{freertos_simulator,
  title        = {FreeRTOS Simulator for Linux},
  author       = {{FreeRTOS}},
  year         = {2024},
  howpublished = {\url{https://www.freertos.org/FreeRTOS-simulator-for-Linux.html}}}
}

@misc{threadx_readme,
  title        = {ThreadX Linux Port README},
  author       = {{ThreadX Developers}},
  year         = {2024},
  howpublished = {\url{https://github.com/eclipse-threadx/threadx/blob/master/ports/linux/gnu/readme_threadx.txt}}
}

@misc{zephyr_native_simulator,
  title        = {Zephyr Native Simulator Documentation},
  author       = {{Zephyr}},
  year         = {2024},
  howpublished = {\url{https://docs.zephyrproject.org/latest/boards/native/native_sim/doc/index.html}}
}


@misc{sil_kit_github,
  title        = {SIL Kit - System Integration Lab Kit},
  author       = {{Vector Informatik GmbH}},
  year         = {2024},
  howpublished = {\url{https://github.com/vectorgrp/sil-kit}}
}

@manual{xl_driver_library_manual,
  title        = {XL Driver Library Manual},
  author       = {{Vector Informatik GmbH}},
  year         = {2020},
  howpublished = {\url{https://cdn.vector.com/cms/content/products/XL_Driver_Library/Docs/XL_Driver_Library_Manual_EN.pdf}},
}

@misc{user_man,
  title        = {VIRTUALtarget User Manual},
  author       = {{Vector Informatik GmbH}},
  year         = {2022},
  howpublished = {Closed-source publication}
}

@misc{automotive_test_suite_2022,
  title        = {Automotive Test Suite},
  author       = {{Tracetronic GmbH}},
  year         = {2022},
  howpublished = {\url{https://www.tracetronic.de/service/media/documents/2022-02-23-pm-automotive-test-suite-en.pdf}}
}

@misc{ecu_test,
  title        = {ECU-TEST},
  author       = {{Tracetronic GmbH}},
  year         = {2024},
  howpublished = {\url{https://www.tracetronic.com/products/ecu-test/}},
}

@misc{sil_kit_docs,
  title        = {SIL Kit Documentation},
  author       = {{Vector Informatik GmbH}},
  year         = {2024},
  howpublished = {\url{https://vectorgrp.github.io/sil-kit-docs/contents.html}}
}

@misc{embeddedartistry_before_main,
  title        = {A General Overview of What Happens Before main()},
  author       = {Phillip Johnston},
  year         = {2019},
  howpublished = {\url{https://embeddedartistry.com/blog/2019/04/08/a-general-overview-of-what-happens-before-main/}}
}

@misc{dlopen_man_page,
  title        = {dlopen(3) - Linux Manual Page},
  author       = {Die.net},
  year         = {2024},
  howpublished = {\url{https://linux.die.net/man/3/dlopen}}
}

@misc{synopsys_aurix_vdk_2020,
  title        = {Synopsys Expands Portfolio of Automotive VDKs with Support for Infineon’s AURIX TC4xx 32-bit Microcontroller Family},
  author       = {{Synopsys, Inc.}},
  year         = {2020},
  howpublished = {\url{https://news.synopsys.com/2020-10-27-Synopsys-Expands-Portfolio-of-Automotive-VDKs-with-Support-for-Infineons-AURIX-TC4xx-32-bit-Microcontroller-Family}}
}

@online{uds_tutorial,
  title = {UDS Explained - A Simple Intro (Unified Diagnostic Services)},
  author = {{CSS Electronics}},
  year = {2023},
  url = {https://www.csselectronics.com/pages/uds-protocol-tutorial-unified-diagnostic-services},
}


@book{iso_14229,
  title        = {Road vehicles — Cybersecurity engineering},
  author       = {{International Organization for Standardization}},
  year         = {2020},
  publisher    = {ISO},
  note         = {ISO Standard 14229-1}
}
